<?xml version="1.0" encoding="UTF-8"?><record xmlns="http://www.loc.gov/MARC21/slim" xmlns:cinclude="http://apache.org/cocoon/include/1.0" xmlns:zs="http://www.loc.gov/zing/srw/">
  <leader>01082nz  a2200205n  4500</leader>
  <controlfield tag="001">no2012017605</controlfield>
  <controlfield tag="003">DLC</controlfield>
  <controlfield tag="005">20120208075917.0</controlfield>
  <controlfield tag="008">120206n| acannaabn          |a ana     c</controlfield>
  <datafield tag="010" ind1=" " ind2=" ">
    <subfield code="a">no2012017605</subfield>
  </datafield>
  <datafield tag="035" ind1=" " ind2=" ">
    <subfield code="a">(OCoLC)oca09107593</subfield>
  </datafield>
  <datafield tag="040" ind1=" " ind2=" ">
    <subfield code="a">TxSmTSU</subfield>
    <subfield code="b">eng</subfield>
    <subfield code="c">TxSmTSU</subfield>
  </datafield>
  <datafield tag="110" ind1="2" ind2=" ">
    <subfield code="a">Logan World Guard</subfield>
  </datafield>
  <datafield tag="410" ind1="2" ind2=" ">
    <subfield code="a">Logan World (Color guard)</subfield>
  </datafield>
  <datafield tag="410" ind1="2" ind2=" ">
    <subfield code="a">James Logan Color Guard</subfield>
  </datafield>
  <datafield tag="410" ind1="2" ind2=" ">
    <subfield code="a">James Logan High School (Union City, Calif.)</subfield>
    <subfield code="b">World Guard</subfield>
  </datafield>
  <datafield tag="410" ind1="2" ind2=" ">
    <subfield code="a">James Logan High School (Union City, Calif.)</subfield>
    <subfield code="b">Winter Guard</subfield>
  </datafield>
  <datafield tag="670" ind1=" " ind2=" ">
    <subfield code="a">2011 World Championships, Dayton Ohio. Volume 2, Color guard SW finals, c2011:</subfield>
    <subfield code="b">credits (James Logan High School, Union City CA)</subfield>
  </datafield>
  <datafield tag="670" ind1=" " ind2=" ">
    <subfield code="a">James Logan High Band and Color Guard web site, viewed Jan. 10, 2012</subfield>
    <subfield code="b">(Logan World Guard; James Logan High School World Guard; Logan World; From January through April, the color guard competes in Winterguard... During the Winterguard season, James Logan High School has two guard units, the Scholastic Open and Scholastic World)</subfield>
  </datafield>
  <datafield tag="670" ind1=" " ind2=" ">
    <subfield code="a">OCLC, viewed Jan. 10, 2012</subfield>
    <subfield code="b">(hdg.: James Logan Color Guard)</subfield>
  </datafield>
</record>